@inproceedings{Ragan-Kelley:2013:HLC:2491956.2462176,
	author = {Ragan-Kelley, Jonathan and Barnes, Connelly and Adams, Andrew and Paris, Sylvain and Durand, Fr{\'e}do and Amarasinghe, Saman},
	title = {Halide: A Language and Compiler for Optimizing Parallelism, Locality, and Recomputation in Image Processing Pipelines},
	booktitle = {Proceedings of the 34th ACM SIGPLAN Conference on Programming Language Design and Implementation},
	series = {PLDI '13},
	year = {2013},
	isbn = {978-1-4503-2014-6},
	location = {Seattle, Washington, USA},
	pages = {519--530},
	numpages = {12},
	url = {http://doi.acm.org/10.1145/2491956.2462176},
	doi = {10.1145/2491956.2462176},
	acmid = {2462176},
	publisher = {ACM},
	address = {New York, NY, USA},
	keywords = {autotuning, compiler, domain specific language, gpu, image processing, locality, optimization, parallelism, redundant computation, vectorization},
}

@article{Mullapudi:2016:ASH:2897824.2925952,
	author = {Mullapudi, Ravi Teja and Adams, Andrew and Sharlet, Dillon and Ragan-Kelley, Jonathan and Fatahalian, Kayvon},
	title = {Automatically Scheduling Halide Image Processing Pipelines},
	journal = {ACM Trans. Graph.},
	issue_date = {July 2016},
	volume = {35},
	number = {4},
	month = jul,
	year = {2016},
	issn = {0730-0301},
	pages = {83:1--83:11},
	articleno = {83},
	numpages = {11},
	url = {http://doi.acm.org/10.1145/2897824.2925952},
	doi = {10.1145/2897824.2925952},
	acmid = {2925952},
	publisher = {ACM},
	address = {New York, NY, USA},
	keywords = {halide, image processing, optimizing compilers},
}

@inproceedings{Morita:2007:AIG:1250734.1250752,
	author = {Morita, Kazutaka and Morihata, Akimasa and Matsuzaki, Kiminori and Hu, Zhenjiang and Takeichi, Masato},
	title = {Automatic Inversion Generates Divide-and-conquer Parallel Programs},
	booktitle = {Proceedings of the 28th ACM SIGPLAN Conference on Programming Language Design and Implementation},
	series = {PLDI '07},
	year = {2007},
	isbn = {978-1-59593-633-2},
	location = {San Diego, California, USA},
	pages = {146--155},
	numpages = {10},
	url = {http://doi.acm.org/10.1145/1250734.1250752},
	doi = {10.1145/1250734.1250752},
	acmid = {1250752},
	publisher = {ACM},
	address = {New York, NY, USA},
	keywords = {divide-and-conquer parallelism, inversion, program transformation, third homomorphism theorem},
}

@inproceedings{Teo:1997:DEP:266670.266697,
	author = {Teo, Yong Meng and Chin, Wei-Ngan and Tan, Soon Huat},
	title = {Deriving Efficient Parallel Programs for Complex Recurrences},
	booktitle = {Proceedings of the Second International Symposium on Parallel Symbolic Computation},
	series = {PASCO '97},
	year = {1997},
	isbn = {0-89791-951-3},
	location = {Maui, Hawaii, USA},
	pages = {101--110},
	numpages = {10},
	url = {http://doi.acm.org/10.1145/266670.266697},
	doi = {10.1145/266670.266697},
	acmid = {266697},
	publisher = {ACM},
	address = {New York, NY, USA},
}

@phdthesis{Solar-Lezama:2008:PSS:1714168,
	author = {Solar-Lezama, Armando},
	advisor = {Bodik, Rastislav},
	title = {Program Synthesis by Sketching},
	year = {2008},
	isbn = {978-1-109-09745-0},
	note = {AAI3353225},
	publisher = {University of California at Berkeley},
	address = {Berkeley, CA, USA},
}

@inproceedings{Smith:2016:MPS:2908080.2908102,
	author = {Smith, Calvin and Albarghouthi, Aws},
	title = {MapReduce Program Synthesis},
	booktitle = {Proceedings of the 37th ACM SIGPLAN Conference on Programming Language Design and Implementation},
	series = {PLDI '16},
	year = {2016},
	isbn = {978-1-4503-4261-2},
	location = {Santa Barbara, CA, USA},
	pages = {326--340},
	numpages = {15},
	url = {http://doi.acm.org/10.1145/2908080.2908102},
	doi = {10.1145/2908080.2908102},
	acmid = {2908102},
	publisher = {ACM},
	address = {New York, NY, USA},
	keywords = {data analysis, program synthesis, verification},
}

@inproceedings{DeMoura:2008:ZES:1792734.1792766,
	author = {De Moura, Leonardo and Bj{\o}rner, Nikolaj},
	title = {Z3: An Efficient SMT Solver},
	booktitle = {Proceedings of the Theory and Practice of Software, 14th International Conference on Tools and Algorithms for the Construction and Analysis of Systems},
	series = {TACAS'08/ETAPS'08},
	year = {2008},
	isbn = {3-540-78799-2, 978-3-540-78799-0},
	location = {Budapest, Hungary},
	pages = {337--340},
	numpages = {4},
	url = {http://dl.acm.org/citation.cfm?id=1792734.1792766},
	acmid = {1792766},
	publisher = {Springer-Verlag},
	address = {Berlin, Heidelberg},
}

@inproceedings{Torlak:2013:GSL:2509578.2509586,
	author = {Torlak, Emina and Bodik, Rastislav},
	title = {Growing Solver-aided Languages with Rosette},
	booktitle = {Proceedings of the 2013 ACM International Symposium on New Ideas, New Paradigms, and Reflections on Programming \& Software},
	series = {Onward! 2013},
	year = {2013},
	isbn = {978-1-4503-2472-4},
	location = {Indianapolis, Indiana, USA},
	pages = {135--152},
	numpages = {18},
	url = {http://doi.acm.org/10.1145/2509578.2509586},
	doi = {10.1145/2509578.2509586},
	acmid = {2509586},
	publisher = {ACM},
	address = {New York, NY, USA},
	keywords = {solver-aided languages},
}

